@book{springer,
    author    = "Trevor Hastie and Robert Tibshirani and Jerome Friedman",
    title     = "The Elements of Statistical Learning: Data Mining, Inference, and Prediction",
    year      = "2001",
    publisher = "Springer-Verlag",
    address   = "175 Fifth Avenue, New York, New York"
}

@book{timeseries,
	author    = "Peter Brockwell and Richard Davis",
	title     = "Introduction to Time Series and Forecasting",
	year      = "1996",
	publisher = "Springer-Verlag",
	address   = "175 Fifth Avenue, New York, New York"
}

 @book{investments,
 	author    = "Bradford Jordan and Thomas Miller, Jr.",
 	title     = "Fundamentals of Investments: Valuation and Management",
 	year      = "2018",
 	publisher = "OTexts"
 }

 @book{forecasting,
	author    = "Rob Hyndman and George Athansopoulos",
	title     = "Forecasting: Principles and Practice",
	year      = "2009",
	publisher = "McGraw-Hill/Irwin",
	address   = "1221 Avenue of the Americas, New York, New York"
}

@misc{dca,
	title = "Time series Forecasting in Machine Learning",
	howpublished = "https://medium.com/99xtechnology/time-series-forecasting-in-machine-learning-3972f7a7a467",
	author = "Samudra Kanankearachchi",
	note = "Accessed: 2018-10-04"
}

@misc{trend,
	title = "Dollar cost averaging bitcoin and cryptocurrencies",
	howpublished = "https://blog.goodaudience.com/dollar-cost-averaging-bitcoin-and-cryptocurrencies-43815cf69b8c",
	author = "Jesper Reiche",
	note = "Accessed: 2018-10-04"
}

@misc{neural,
	title = "Artificial neural networks are changing the world. What are they?",
	howpublished = "https://www.extremetech.com/extreme/215170-artificial-neural-networks-are-changing-the-world-what-are-they",
	author = "Graham Templeton",
	note = "Accessed: 2018-10-04"
}
@misc{kfold,
	title = "Train/Test Split and Cross Validation in Python",
	howpublished = "https://towardsdatascience.com/train-test-split-and-cross-validation-in-python-80b61beca4b6",
	author = "Adi Bronshtein",
	note = "Accessed: 2018-10-04"
}
@misc{kfold2,
	title = "Train/Test Split, Cross-Validation and You",
	howpublished = "https://medium.com/@hi.martinez/train-test-split-cross-validation-you-b87f662445e1",
	author = "Hector Martinez",
	note = "Accessed: 2018-10-04"
}
@misc{stock,
	title = "How Stock Prices are Determined",
	howpublished = "https://www.thebalance.com/how-stock-prices-are-determined-358144",
	author = "Joshua Kennon",
	note = "Accessed: 2019-02-20"
}
